[gd_scene load_steps=21 format=2]

[ext_resource path="res://Assets/Art/goblin_walk.png" type="Texture" id=1]
[ext_resource path="res://Assets/Art/goblin_die.png" type="Texture" id=2]
[ext_resource path="res://Scripts/Mob/Mob.gd" type="Script" id=3]
[ext_resource path="res://Assets/Mob/HPbar.jpg" type="Texture" id=4]

[sub_resource type="AtlasTexture" id=1]
atlas = ExtResource( 2 )
region = Rect2( 0, 0, 16, 16 )

[sub_resource type="AtlasTexture" id=2]
atlas = ExtResource( 2 )
region = Rect2( 16, 0, 16, 16 )

[sub_resource type="AtlasTexture" id=3]
atlas = ExtResource( 2 )
region = Rect2( 32, 0, 16, 16 )

[sub_resource type="AtlasTexture" id=4]
atlas = ExtResource( 2 )
region = Rect2( 48, 0, 16, 16 )

[sub_resource type="AtlasTexture" id=5]
atlas = ExtResource( 2 )
region = Rect2( 64, 0, 16, 16 )

[sub_resource type="AtlasTexture" id=6]
atlas = ExtResource( 2 )
region = Rect2( 80, 0, 16, 16 )

[sub_resource type="AtlasTexture" id=7]
atlas = ExtResource( 2 )
region = Rect2( 96, 0, 16, 16 )

[sub_resource type="AtlasTexture" id=8]
atlas = ExtResource( 1 )
region = Rect2( 0, 0, 16, 16 )

[sub_resource type="AtlasTexture" id=9]
atlas = ExtResource( 1 )
region = Rect2( 16, 0, 16, 16 )

[sub_resource type="AtlasTexture" id=10]
atlas = ExtResource( 1 )
region = Rect2( 32, 0, 16, 16 )

[sub_resource type="AtlasTexture" id=11]
atlas = ExtResource( 1 )
region = Rect2( 48, 0, 16, 16 )

[sub_resource type="AtlasTexture" id=12]
atlas = ExtResource( 1 )
region = Rect2( 64, 0, 16, 16 )

[sub_resource type="AtlasTexture" id=13]
atlas = ExtResource( 1 )
region = Rect2( 80, 0, 16, 16 )

[sub_resource type="AtlasTexture" id=14]
atlas = ExtResource( 1 )
region = Rect2( 96, 0, 16, 16 )

[sub_resource type="SpriteFrames" id=15]
animations = [ {
"frames": [ SubResource( 1 ), SubResource( 2 ), SubResource( 3 ), SubResource( 4 ), SubResource( 5 ), SubResource( 6 ), SubResource( 7 ) ],
"loop": true,
"name": "Die",
"speed": 10.0
}, {
"frames": [ SubResource( 8 ), SubResource( 9 ), SubResource( 10 ), SubResource( 11 ), SubResource( 12 ), SubResource( 13 ), SubResource( 14 ) ],
"loop": true,
"name": "Walk",
"speed": 5.0
} ]

[sub_resource type="RectangleShape2D" id=16]
extents = Vector2( 4.1875, 7.125 )

[node name="Goblin" type="PathFollow2D"]
loop = false
script = ExtResource( 3 )

[node name="AnimatedSprite" type="AnimatedSprite" parent="."]
frames = SubResource( 15 )
animation = "Die"
frame = 6

[node name="Area2D" type="Area2D" parent="."]
collision_mask = 0

[node name="CollisionShape2D" type="CollisionShape2D" parent="Area2D"]
position = Vector2( 0, -1 )
shape = SubResource( 16 )

[node name="HealthBar" type="TextureProgress" parent="."]
margin_left = -9.30729
margin_top = -12.0787
margin_right = 9.69271
margin_bottom = -9.07875
value = 50.0
texture_under = ExtResource( 4 )
texture_progress = ExtResource( 4 )
tint_under = Color( 0.231373, 0.215686, 0.215686, 1 )
tint_progress = Color( 0.921569, 0.121569, 0.121569, 1 )
nine_patch_stretch = true
__meta__ = {
"_edit_use_anchors_": false
}
