[gd_scene load_steps=28 format=2]

[ext_resource path="res://Assets/Art/hyena_walk.png" type="Texture" id=1]
[ext_resource path="res://Assets/Art/hyena_die.png" type="Texture" id=2]
[ext_resource path="res://Scripts/Mob/Mob.gd" type="Script" id=3]
[ext_resource path="res://Assets/Mob/HPbar.jpg" type="Texture" id=4]

[sub_resource type="AtlasTexture" id=17]
atlas = ExtResource( 1 )
region = Rect2( 0, 0, 32, 16 )

[sub_resource type="AtlasTexture" id=18]
atlas = ExtResource( 1 )
region = Rect2( 32, 0, 32, 16 )

[sub_resource type="AtlasTexture" id=19]
atlas = ExtResource( 1 )
region = Rect2( 64, 0, 32, 16 )

[sub_resource type="AtlasTexture" id=20]
atlas = ExtResource( 1 )
region = Rect2( 96, 0, 32, 16 )

[sub_resource type="AtlasTexture" id=21]
atlas = ExtResource( 1 )
region = Rect2( 128, 0, 32, 16 )

[sub_resource type="AtlasTexture" id=22]
atlas = ExtResource( 1 )
region = Rect2( 160, 0, 32, 16 )

[sub_resource type="AtlasTexture" id=23]
atlas = ExtResource( 1 )
region = Rect2( 192, 0, 32, 16 )

[sub_resource type="AtlasTexture" id=24]
atlas = ExtResource( 1 )
region = Rect2( 224, 0, 32, 16 )

[sub_resource type="AtlasTexture" id=25]
atlas = ExtResource( 1 )
region = Rect2( 256, 0, 32, 16 )

[sub_resource type="AtlasTexture" id=26]
atlas = ExtResource( 1 )
region = Rect2( 288, 0, 32, 16 )

[sub_resource type="AtlasTexture" id=27]
atlas = ExtResource( 2 )
region = Rect2( 0, 0, 32, 16 )

[sub_resource type="AtlasTexture" id=28]
atlas = ExtResource( 2 )
region = Rect2( 32, 0, 32, 16 )

[sub_resource type="AtlasTexture" id=29]
atlas = ExtResource( 2 )
region = Rect2( 64, 0, 32, 16 )

[sub_resource type="AtlasTexture" id=30]
atlas = ExtResource( 2 )
region = Rect2( 96, 0, 32, 16 )

[sub_resource type="AtlasTexture" id=31]
atlas = ExtResource( 2 )
region = Rect2( 128, 0, 32, 16 )

[sub_resource type="AtlasTexture" id=32]
atlas = ExtResource( 2 )
region = Rect2( 160, 0, 32, 16 )

[sub_resource type="AtlasTexture" id=33]
atlas = ExtResource( 2 )
region = Rect2( 192, 0, 32, 16 )

[sub_resource type="AtlasTexture" id=34]
atlas = ExtResource( 2 )
region = Rect2( 224, 0, 32, 16 )

[sub_resource type="AtlasTexture" id=35]
atlas = ExtResource( 2 )
region = Rect2( 256, 0, 32, 16 )

[sub_resource type="AtlasTexture" id=36]
atlas = ExtResource( 2 )
region = Rect2( 288, 0, 32, 16 )

[sub_resource type="AtlasTexture" id=37]
atlas = ExtResource( 2 )
region = Rect2( 320, 0, 32, 16 )

[sub_resource type="SpriteFrames" id=38]
animations = [ {
"frames": [ SubResource( 17 ), SubResource( 18 ), SubResource( 19 ), SubResource( 20 ), SubResource( 21 ), SubResource( 22 ), SubResource( 23 ), SubResource( 24 ), SubResource( 25 ), SubResource( 26 ) ],
"loop": true,
"name": "Walk",
"speed": 15.0
}, {
"frames": [ SubResource( 27 ), SubResource( 28 ), SubResource( 29 ), SubResource( 30 ), SubResource( 31 ), SubResource( 32 ), SubResource( 33 ), SubResource( 34 ), SubResource( 35 ), SubResource( 36 ), SubResource( 37 ) ],
"loop": true,
"name": "Die",
"speed": 15.0
} ]

[sub_resource type="RectangleShape2D" id=16]
extents = Vector2( 13.0371, 2.28516 )

[node name="Hyena" type="PathFollow2D"]
loop = false
script = ExtResource( 3 )

[node name="AnimatedSprite" type="AnimatedSprite" parent="."]
frames = SubResource( 38 )
animation = "Die"

[node name="Area2D" type="Area2D" parent="."]
collision_mask = 0

[node name="CollisionShape2D" type="CollisionShape2D" parent="Area2D"]
position = Vector2( -0.0371099, -0.285162 )
shape = SubResource( 16 )

[node name="HealthBar" type="TextureProgress" parent="."]
margin_left = -8.0
margin_top = -9.0
margin_right = 9.0
margin_bottom = -7.0
value = 50.0
texture_under = ExtResource( 4 )
texture_progress = ExtResource( 4 )
tint_under = Color( 0.231373, 0.215686, 0.215686, 1 )
tint_progress = Color( 0.921569, 0.121569, 0.121569, 1 )
nine_patch_stretch = true
__meta__ = {
"_edit_use_anchors_": false
}
