[gd_scene load_steps=18 format=2]

[ext_resource path="res://Assets/UI/TowerRange.png" type="Texture" id=1]
[ext_resource path="res://Assets/Art/xbow.png" type="Texture" id=2]
[ext_resource path="res://Scenes/Tower/TowerBaseBallista.tscn" type="PackedScene" id=3]

[sub_resource type="AtlasTexture" id=12]
atlas = ExtResource( 2 )
region = Rect2( 320, 0, 32, 32 )

[sub_resource type="AtlasTexture" id=13]
atlas = ExtResource( 2 )
region = Rect2( 352, 0, 32, 32 )

[sub_resource type="AtlasTexture" id=2]
atlas = ExtResource( 2 )
region = Rect2( 0, 0, 32, 32 )

[sub_resource type="AtlasTexture" id=3]
atlas = ExtResource( 2 )
region = Rect2( 32, 0, 32, 32 )

[sub_resource type="AtlasTexture" id=4]
atlas = ExtResource( 2 )
region = Rect2( 64, 0, 32, 32 )

[sub_resource type="AtlasTexture" id=5]
atlas = ExtResource( 2 )
region = Rect2( 96, 0, 32, 32 )

[sub_resource type="AtlasTexture" id=6]
atlas = ExtResource( 2 )
region = Rect2( 128, 0, 32, 32 )

[sub_resource type="AtlasTexture" id=7]
atlas = ExtResource( 2 )
region = Rect2( 160, 0, 32, 32 )

[sub_resource type="AtlasTexture" id=8]
atlas = ExtResource( 2 )
region = Rect2( 192, 0, 32, 32 )

[sub_resource type="AtlasTexture" id=9]
atlas = ExtResource( 2 )
region = Rect2( 224, 0, 32, 32 )

[sub_resource type="AtlasTexture" id=10]
atlas = ExtResource( 2 )
region = Rect2( 256, 0, 32, 32 )

[sub_resource type="AtlasTexture" id=11]
atlas = ExtResource( 2 )
region = Rect2( 288, 0, 32, 32 )

[sub_resource type="AtlasTexture" id=14]
atlas = ExtResource( 2 )
region = Rect2( 288, 0, 32, 32 )

[sub_resource type="SpriteFrames" id=1]
animations = [ {
"frames": [ SubResource( 12 ), SubResource( 13 ), SubResource( 2 ), SubResource( 3 ), SubResource( 3 ), SubResource( 4 ), SubResource( 5 ), SubResource( 6 ), SubResource( 7 ), SubResource( 8 ), SubResource( 9 ), SubResource( 10 ), SubResource( 11 ) ],
"loop": true,
"name": "Attack",
"speed": 10.0
}, {
"frames": [ SubResource( 14 ) ],
"loop": true,
"name": "Idle",
"speed": 1.0
} ]

[node name="Ballista" type="Node2D"]
scale = Vector2( 2, 2 )
z_index = 50

[node name="Sprite" parent="." instance=ExtResource( 3 )]
position = Vector2( 16, 16 )

[node name="AnimatedSprite" type="AnimatedSprite" parent="."]
position = Vector2( 16, 16 )
rotation = -0.785398
z_index = 5
frames = SubResource( 1 )
animation = "Idle"

[node name="Sprite2" type="Sprite" parent="."]
position = Vector2( 16, 16 )
scale = Vector2( 1.96187, 1.96187 )
z_index = 10
texture = ExtResource( 1 )
