[gd_scene load_steps=19 format=2]

[ext_resource path="res://Assets/Art/flamethrower.png" type="Texture" id=1]
[ext_resource path="res://Assets/UI/TowerRange.png" type="Texture" id=2]
[ext_resource path="res://Assets/Art/foveum.png" type="Texture" id=3]

[sub_resource type="AtlasTexture" id=2]
atlas = ExtResource( 3 )
region = Rect2( 0, 0, 16, 16 )

[sub_resource type="AtlasTexture" id=3]
atlas = ExtResource( 3 )
region = Rect2( 16, 0, 16, 16 )

[sub_resource type="AtlasTexture" id=4]
atlas = ExtResource( 3 )
region = Rect2( 32, 0, 16, 16 )

[sub_resource type="AtlasTexture" id=5]
atlas = ExtResource( 3 )
region = Rect2( 48, 0, 16, 16 )

[sub_resource type="AtlasTexture" id=6]
atlas = ExtResource( 3 )
region = Rect2( 64, 0, 16, 16 )

[sub_resource type="AtlasTexture" id=7]
atlas = ExtResource( 3 )
region = Rect2( 80, 0, 16, 16 )

[sub_resource type="AtlasTexture" id=8]
atlas = ExtResource( 3 )
region = Rect2( 96, 0, 16, 16 )

[sub_resource type="AtlasTexture" id=9]
atlas = ExtResource( 3 )
region = Rect2( 0, 0, 16, 16 )

[sub_resource type="AtlasTexture" id=10]
atlas = ExtResource( 3 )
region = Rect2( 16, 0, 16, 16 )

[sub_resource type="AtlasTexture" id=11]
atlas = ExtResource( 3 )
region = Rect2( 32, 0, 16, 16 )

[sub_resource type="AtlasTexture" id=12]
atlas = ExtResource( 3 )
region = Rect2( 48, 0, 16, 16 )

[sub_resource type="AtlasTexture" id=13]
atlas = ExtResource( 3 )
region = Rect2( 64, 0, 16, 16 )

[sub_resource type="AtlasTexture" id=14]
atlas = ExtResource( 3 )
region = Rect2( 80, 0, 16, 16 )

[sub_resource type="AtlasTexture" id=15]
atlas = ExtResource( 3 )
region = Rect2( 96, 0, 16, 16 )

[sub_resource type="SpriteFrames" id=1]
animations = [ {
"frames": [ SubResource( 2 ), SubResource( 3 ), SubResource( 4 ), SubResource( 5 ), SubResource( 6 ), SubResource( 7 ), SubResource( 8 ) ],
"loop": true,
"name": "Idle",
"speed": 10.0
}, {
"frames": [ SubResource( 9 ), SubResource( 10 ), SubResource( 11 ), SubResource( 12 ), SubResource( 13 ), SubResource( 14 ), SubResource( 15 ) ],
"loop": true,
"name": "AttackA",
"speed": 10.0
} ]

[node name="FlameThrower" type="Node2D"]
scale = Vector2( 2, 2 )
z_index = 50

[node name="Sprite" type="Sprite" parent="."]
position = Vector2( 16, 16 )
texture = ExtResource( 1 )

[node name="AnimatedSprite" type="AnimatedSprite" parent="."]
position = Vector2( 16, 16 )
z_index = 5
frames = SubResource( 1 )
animation = "Idle"
frame = 4
playing = true

[node name="Sprite2" type="Sprite" parent="."]
position = Vector2( 16, 16 )
scale = Vector2( 1.96187, 1.96187 )
z_index = 10
texture = ExtResource( 2 )
